<?xml version="1.0" encoding="UTF-8"?><collection xmlns="http://www.loc.gov/MARC21/slim"><record><leader>00411nam--2200121-i-4500</leader><controlfield tag="001">000038784</controlfield><controlfield tag="002">20161230</controlfield><controlfield tag="005">20161230201042</controlfield><controlfield tag="008">060222s1000------------r-----000-0-eng-d</controlfield><datafield ind1=" " ind2=" " tag="100"><subfield code="a">Rice, F.G</subfield></datafield><datafield ind1=" " ind2=" " tag="245"><subfield code="a">Projet d`irradiation mobile. resumes de memoires destines a la conf.sur l`emploi des sources de rayonnements.. varsovie, 8-12 sept.1959</subfield></datafield><datafield ind1=" " ind2=" " tag="260"><subfield code="a">Ottawa, Canada, Atomic Energy Of Canada, 1959</subfield></datafield><datafield ind1=" " ind2=" " tag="852"><subfield code="a">14067</subfield></datafield></record></collection>